@Book{maol_sv,
	author    = {Raimo Sepp\"anan et al.}, 
	title     = {MAOLs Tabeller},
	publisher = {Schildts F\"orlag Ab},
	year      = {2000},
	address   = {Esbo},
	edition   = {Sjunde, reviderade upplagan}
}

